@book{banksy2005,
  title={Wall and piece},
  author={Banksy},
  isbn={9781844137862},
  year={2005},
  publisher={Century}
}

@book{cormick2010,
  title={Trespass: a history of uncommissioned urban art},
  author={McCormick, Carlo und Schiller, Marc},
  isbn={9783836509640},
  year={2010},
  publisher={Taschen}
}

@book{reinecke2007,
  title={Street Art: eine Subkultur zwischen Kunst und Kommerz},
  author={Reinecke, Julia},
  isbn={9783899427592},
  year={2007},
  publisher={Transcript}
}

@book{klitzke2009,
  title={Street Art: Legenden zur Strasse},
  author={Klitzke, Kathrin and Schmidt, Christian},
  isbn={9783940213440},
  year={2009},
  publisher={Archiv der Jugendkulturen}
}

@book{dossi2007,
  title={Hype: Kunst und Geld},
  author={Dossi, Piroschka},
  isbn={9783423246125},
  year={2007},
  publisher={Dt. Taschenbuch-Verl.}
}

@unpublished{derwanz2010, 
author = {Derwanz, Heike},
title = {Selling work is one thing... - Street-Art an der Innenseite der Aussenseite der Kunst},  
year = {2010},
url = {http://edoc.hu-berlin.de/kunsttexte/2010-1/derwanz-heike--9/PDF/derwanz.pdf},
note = {Betrachtet am 19.2.12}
}

@unpublished{hoppe2009, 
author = {Hoppe, Illaria}, 
title = {Street-Art und die Kunst im öffentlichen Raum},  
year = {2009},
url = {http://edoc.hu-berlin.de/kunsttexte/2009-1/hoppe-ilaria-6/PDF/hoppe.pdf},
note = {Betrachtet am 19.2.12}
} 

@unpublished{geilert2009, 
author = {Geilert, Gerald}, 
title = {Street Art - eine verlockende Utopie},  
year = {2009},
url = {http://edoc.hu-berlin.de/kunsttexte/2009-1/geilert-gerald-7/PDF/geilert.pdf},
note = {Betrachtet am 19.2.12}
} 

@book{graw2008,
  title={Der grosse Preis: Kunst zwischen Markt und Celebrity Kultur},
  author={Graw, Isabelle},
  isbn={9783832190071},
  year={2008},
  publisher={DuMont}
}

@book{austin2001,
  title={Taking the train: how graffiti art became an urban crisis in New York City},
  author={Austin, Joe},
  isbn={9780231111430},
  year={2001},
  publisher={Columbia University Press}
}

@book{bowness1990,
  title={The conditions of success: how the modern artist rises to fame},
  author={Bowness, Alan},
  isbn={9780500550212},
  year={1990},
  publisher={Thames and Hudson}
}

@misc{banksy2010,
  title={Exit Through the Gift Shop},
  author={Banksy},
  year={2010},
  howpublished={Film}
}

@unpublished{psaar2007,
	author = {Psaar, Hans-Christian},
	title  ={Street-Art zwischen Rekuperation und subversivem Potential},
	url = {http://www.anartchy.com/urbanscript/texte/psaar2.html},
	note = {Betrachtet am 19.2.12},
	year = {2007}
}

@unpublished{fairey1990,
	author = {Fairey, Shepard},
	title  ={Manifesto},
	year = {1990},
	url = {http://obeygiant.com/articles/manifesto},
	note = {Betrachtet am 19.2.12}
}

@Unpublished{schneider2006,
	author = {Schneider, Ingrid},
	title  ={Graffiti im Kunstunterricht},
	url = {http://www.edition-liberty.de/gft/gftzz.html#N41},
	note = {Betrachtet am 19.2.12},
	year = {2006}
}

@book{lewisohn2008,
  title={Street art: the graffiti revolution},
  author={Lewisohn, Cedar},
  isbn={9781854377678},
  year={2008},
  publisher={Tate}
}

@Misc{sothebys2010,
	author = {Banksy-Prints},
	title  ={Banksy At Auction: Diagnosis Success},
	url= {http://www.banksy-prints.com/2010/02/banksy-auction-christies-sothebys/},
	note = {Betrachtet am 19.2.12},
	year = {2010}
}

@Misc{jones2010,
	author = {Jones, Emmma},
	title  ={Banksy lies low at Berlin Film Festival},
	year = {2010},
	url = {http://news.bbc.co.uk/2/hi/entertainment/arts_and_culture/8516172.stm},
	note = {Betrachtet am 19.2.12},
	howpublished = {BBC-Online Artikel}
}

@Misc{baumgardt2010,
	author = {Baumgardt, Carsten},
	title  ={Banksy - Exit Through the Gift Shop - Filmkritik},
	year = {2010},
	url = {http://www.filmstarts.de/kritiken/105222-Exit-Through-The-Gift-Shop/kritik.html},
	note = {Betrachtet am 19.2.12},
	howpublished = {Filmkritik}
}

@Misc{haugh2008,
	author = {Haugh, Richard},
	title  ={Adam Neate: Art for the people},
	year = {2008},
	url = {http://www.bbc.co.uk/suffolk/content/articles/2008/11/13/adam_neate_feature.shtml},
	note = {Betrachtet am 19.2.12},
	howpublished = {BBC-Online Artikel}
}

@Misc{planitzer2010,
	author = {Planitzer, Matthias},
	title  ={Castor and Pollux Dialog 01: Marco Schwalbe / Stroke 03},
	year = {2010},
	url = {https://vimeo.com/15682610},
	note = {Betrachtet am 19.2.12},
	howpublished = {Video-Interview mit Marco Schwalbe}
}

@Misc{turner1988,
	author = {Turner, S.},
	title  ={Werbung ist Kunst},
	year = {1988},
	howpublished = {Interview mit Michael Schirner},
	url = {http://serifenlos.de/drupal2006wir/files/schirner.pdf},
	note = {Betrachtet am 19.2.12}
}

@Misc{moma1990,
	author = {Museum of Modern Art},
	title  ={High and Low},
	year = {1990},
	howpublished = {Katalog},
	url = {http://www.moma.org/docs/press_archives/6778/releases/MOMA_1990_0029_31.pdf?2010},
	note = {Betrachtet am 19.2.12}
}

@Misc{finnegan2011,
	author = {Finnegan, Amanda},
	title  ={The Chauvet Cave - Cave Painting and Street Art},
	url = {http://www.portsmouthmfa.org/portsmouthmfa/blog/Entries/2011/6/10_The_Chauvet_Cave_-_Cave_Painting_and_Street_Art.html},
	year = {2011},
	note = {Betrachtet am 19.2.12}
}

@Misc{bultmann2000,
	author = {Bültmann, Annette},
	title  ={Tiermenschen und Zauberer},
	year = {2000},
	url = {http://www.vm2000.net/30/steinzeit/kunst.html},
	note = {Betrachtet am 19.2.12}
}

@Misc{kim2006,
	author = {Kim, Anna},
	title  ={Antike Graffiti: geritzt, nicht gesprüht},
	year = {2006},
	url = {http://www.dieuniversitaet-online.at/beitraege/news/antike-graffiti-geritzt-nicht-gespruht/10.html},
	note = {Betrachtet am 19.2.12}
}

